@article{Ronaghi:2001:Pyrosequencing,
        Author = {Mostafa Ronaghi},
        Journal = {Genome Research},
        Pages = {3--11},
        Title = {Pyrosequencing Sheds Light on DNA Sequencing},
        Volume = {11},
        Year = {2001}}

@misc{CME211:2013:FinalProjectPart1,
        Author = {CME211},
        Howpublished = {http://coursework.stanford.edu},
        Month = {November 15,},
        Title = {Final Project: Part 1},
        Year = {2013}}

@misc{CME211:2013:FinalProjectPart2,
        Author = {CME211},
        Howpublished = {http://coursework.stanford.edu},
        Month = {November 24,},
        Title = {Final Project: Part 2},
        Year = {2013}}
